<?xml version="1.0" encoding="UTF-8"?><record xmlns="http://www.loc.gov/MARC21/slim" xmlns:cinclude="http://apache.org/cocoon/include/1.0" xmlns:zs="http://www.loc.gov/zing/srw/">
  <leader>00487nz  a2200133n  4500</leader>
  <controlfield tag="001">n 2014054150</controlfield>
  <controlfield tag="003">DLC</controlfield>
  <controlfield tag="005">20140904110938.0</controlfield>
  <controlfield tag="008">140904n| azannaabn          |a ana      </controlfield>
  <datafield tag="010" ind1=" " ind2=" ">
    <subfield code="a">n 2014054150</subfield>
  </datafield>
  <datafield tag="040" ind1=" " ind2=" ">
    <subfield code="a">DLC</subfield>
    <subfield code="b">eng</subfield>
    <subfield code="e">rda</subfield>
    <subfield code="c">DLC</subfield>
  </datafield>
  <datafield tag="130" ind1=" " ind2="0">
    <subfield code="a">Conociendo a Don Bosco.</subfield>
    <subfield code="l">English</subfield>
  </datafield>
  <datafield tag="430" ind1=" " ind2="0">
    <subfield code="a">Getting to know Don Bosco</subfield>
  </datafield>
  <datafield tag="670" ind1=" " ind2=" ">
    <subfield code="a">Getting to know Don Bosco, 2007:</subfield>
    <subfield code="b">t.p. (First published: Quito, Ecuador : Regional Salesian Center for Ongoing Formation, 2001 under the title Conociendo a Don Bosco)</subfield>
  </datafield>
</record>